%% This BibTeX bibliography file was created using BibDesk.
%% http://bibdesk.sourceforge.net/


%% Created for A at 2016-02-14 22:36:27 +0000 


%% Saved with string encoding Unicode (UTF-8) 



@inproceedings{pughSoltoggioStanley2014,
	Author = {Pugh, Justin and Soltoggio, Andrea and Stanley, Kenneth O.},
	Booktitle = {Proceedings of the Fourteenth International Conference on the Synthesis and Simulation of Living Systems},
	Date-Added = {2016-02-14 22:35:40 +0000},
	Date-Modified = {2016-02-14 22:35:40 +0000},
	Title = {Real-time Hebbian Learning from Autoencoder Features for Control Tasks},
	Year = {2014},
	Bdsk-File-1 = {YnBsaXN0MDDUAQIDBAUGJCVYJHZlcnNpb25YJG9iamVjdHNZJGFyY2hpdmVyVCR0b3ASAAGGoKgHCBMUFRYaIVUkbnVsbNMJCgsMDxJXTlMua2V5c1pOUy5vYmplY3RzViRjbGFzc6INDoACgAOiEBGABIAFgAdccmVsYXRpdmVQYXRoWWFsaWFzRGF0YV8QLy4uLy4uLy4uL1NoYXJlZC93b3JrL1JlZi9maWxlZC9wdWdoX2FsaWZlMTQucGRm0hcLGBlXTlMuZGF0YU8RAYoAAAAAAYoAAgAACkplZXZlcyBTU0QAAAAAAAAAAAAAAAAAAAAAANAmoyZIKwAAACAEqhBwdWdoX2FsaWZlMTQucGRmAAAAAAAAAAAAAAAAAAAAAAAAAAAAAAAAAAAAAAAAAAAAAAAAAAAAAAAAAAAAAAABc7CN0Q0pugAAAAAAAAAAAAMABQAACSAAAAAAAAAAAAAAAAAAAAAFZmlsZWQAABAACAAA0CaVFgAAABEACAAA0Q0pugAAAAEAFAAgBKoAIASMAB/zAQAdkxEAFKFvAAIAPEplZXZlcyBTU0Q6VXNlcnM6AFNoYXJlZDoAd29yazoAUmVmOgBmaWxlZDoAcHVnaF9hbGlmZTE0LnBkZgAOACIAEABwAHUAZwBoAF8AYQBsAGkAZgBlADEANAAuAHAAZABmAA8AFgAKAEoAZQBlAHYAZQBzACAAUwBTAEQAEgAsVXNlcnMvU2hhcmVkL3dvcmsvUmVmL2ZpbGVkL3B1Z2hfYWxpZmUxNC5wZGYAEwABLwD//wAAgAbSGxwdHlokY2xhc3NuYW1lWCRjbGFzc2VzXU5TTXV0YWJsZURhdGGjHR8gVk5TRGF0YVhOU09iamVjdNIbHCIjXE5TRGljdGlvbmFyeaIiIF8QD05TS2V5ZWRBcmNoaXZlctEmJ1Ryb290gAEACAARABoAIwAtADIANwBAAEYATQBVAGAAZwBqAGwAbgBxAHMAdQB3AIQAjgDAAMUAzQJbAl0CYgJtAnYChAKIAo8CmAKdAqoCrQK/AsICxwAAAAAAAAIBAAAAAAAAACgAAAAAAAAAAAAAAAAAAALJ}}

@article{bengio2009learning,
	Author = {Bengio, Yoshua},
	Date-Added = {2016-02-14 22:34:23 +0000},
	Date-Modified = {2016-02-14 22:34:23 +0000},
	Journal = {Foundations and trends{\textregistered} in Machine Learning},
	Number = {1},
	Pages = {1--127},
	Publisher = {Now Publishers Inc.},
	Title = {Learning deep architectures for AI},
	Volume = {2},
	Year = {2009}}

@article{bengio2013representation,
	Author = {Bengio, Yoshua and Courville, Aaron and Vincent, Pascal},
	Date-Added = {2016-02-14 22:32:32 +0000},
	Date-Modified = {2016-02-14 22:32:32 +0000},
	Journal = {Pattern Analysis and Machine Intelligence, IEEE Transactions on},
	Number = {8},
	Pages = {1798--1828},
	Publisher = {IEEE},
	Title = {Representation learning: A review and new perspectives},
	Volume = {35},
	Year = {2013},
	Bdsk-File-1 = {YnBsaXN0MDDUAQIDBAUGJCVYJHZlcnNpb25YJG9iamVjdHNZJGFyY2hpdmVyVCR0b3ASAAGGoKgHCBMUFRYaIVUkbnVsbNMJCgsMDxJXTlMua2V5c1pOUy5vYmplY3RzViRjbGFzc6INDoACgAOiEBGABIAFgAdccmVsYXRpdmVQYXRoWWFsaWFzRGF0YV8QQy4uLy4uLy4uL1NoYXJlZC93b3JrL1JlZi9maWxlZC9iZW5naW8yMDEzUmVwcmVzZW50YXRpb25MZWFybmluZy5wZGbSFwsYGVdOUy5kYXRhTxEB1gAAAAAB1gACAAAKSmVldmVzIFNTRAAAAAAAAAAAAAAAAAAAAAAA0CajJkgrAAAAIASqH2JlbmdpbzIwMTNSZXByZXNlbnRhIzIwMDZGMS5wZGYAAAAAAAAAAAAAAAAAAAAAAAAAAAAAAAAAAAAAAAAAAAAgBvHO/ZejAAAAAAAAAAAAAwAFAAAJIAAAAAAAAAAAAAAAAAAAAAVmaWxlZAAAEAAIAADQJpUWAAAAEQAIAADO/ZejAAAAAQAUACAEqgAgBIwAH/MBAB2TEQAUoW8AAgBLSmVldmVzIFNTRDpVc2VyczoAU2hhcmVkOgB3b3JrOgBSZWY6AGZpbGVkOgBiZW5naW8yMDEzUmVwcmVzZW50YSMyMDA2RjEucGRmAAAOAEoAJABiAGUAbgBnAGkAbwAyADAAMQAzAFIAZQBwAHIAZQBzAGUAbgB0AGEAdABpAG8AbgBMAGUAYQByAG4AaQBuAGcALgBwAGQAZgAPABYACgBKAGUAZQB2AGUAcwAgAFMAUwBEABIAQFVzZXJzL1NoYXJlZC93b3JrL1JlZi9maWxlZC9iZW5naW8yMDEzUmVwcmVzZW50YXRpb25MZWFybmluZy5wZGYAEwABLwD//wAAgAbSGxwdHlokY2xhc3NuYW1lWCRjbGFzc2VzXU5TTXV0YWJsZURhdGGjHR8gVk5TRGF0YVhOU09iamVjdNIbHCIjXE5TRGljdGlvbmFyeaIiIF8QD05TS2V5ZWRBcmNoaXZlctEmJ1Ryb290gAEACAARABoAIwAtADIANwBAAEYATQBVAGAAZwBqAGwAbgBxAHMAdQB3AIQAjgDUANkA4QK7Ar0CwgLNAtYC5ALoAu8C+AL9AwoDDQMfAyIDJwAAAAAAAAIBAAAAAAAAACgAAAAAAAAAAAAAAAAAAAMp}}

@inproceedings{bullinaria2009,
	Author = {Bullinaria, John A.},
	Booktitle = {Proceedings of the International Joint Conference on Computational Intelligence (IJCCI 2009)},
	Date-Added = {2016-02-13 18:08:30 +0000},
	Date-Modified = {2016-02-13 18:08:30 +0000},
	Pages = {427-434},
	Title = {Evolved Dual Weight Neural Architectures to Facilitate Incremental Learning},
	Year = {2009},
	Bdsk-File-1 = {YnBsaXN0MDDUAQIDBAUGJCVYJHZlcnNpb25YJG9iamVjdHNZJGFyY2hpdmVyVCR0b3ASAAGGoKgHCBMUFRYaIVUkbnVsbNMJCgsMDxJXTlMua2V5c1pOUy5vYmplY3RzViRjbGFzc6INDoACgAOiEBGABIAFgAdccmVsYXRpdmVQYXRoWWFsaWFzRGF0YV8QMS4uLy4uLy4uL1NoYXJlZC93b3JrL1JlZi9maWxlZC9idWxsaW5hcmlhMjAwOS5wZGbSFwsYGVdOUy5kYXRhTxEBkgAAAAABkgACAAAKSmVldmVzIFNTRAAAAAAAAAAAAAAAAAAAAAAA0CajJkgrAAAAIASqEmJ1bGxpbmFyaWEyMDA5LnBkZgAAAAAAAAAAAAAAAAAAAAAAAAAAAAAAAAAAAAAAAAAAAAAAAAAAAAAAAAAAAAA6UNfQLfLaUERGIENBUk8AAwAFAAAJIAAAAAAAAAAAAAAAAAAAAAVmaWxlZAAAEAAIAADQJpUWAAAAEQAIAADQLeTKAAAAAQAUACAEqgAgBIwAH/MBAB2TEQAUoW8AAgA+SmVldmVzIFNTRDpVc2VyczoAU2hhcmVkOgB3b3JrOgBSZWY6AGZpbGVkOgBidWxsaW5hcmlhMjAwOS5wZGYADgAmABIAYgB1AGwAbABpAG4AYQByAGkAYQAyADAAMAA5AC4AcABkAGYADwAWAAoASgBlAGUAdgBlAHMAIABTAFMARAASAC5Vc2Vycy9TaGFyZWQvd29yay9SZWYvZmlsZWQvYnVsbGluYXJpYTIwMDkucGRmABMAAS8A//8AAIAG0hscHR5aJGNsYXNzbmFtZVgkY2xhc3Nlc11OU011dGFibGVEYXRhox0fIFZOU0RhdGFYTlNPYmplY3TSGxwiI1xOU0RpY3Rpb25hcnmiIiBfEA9OU0tleWVkQXJjaGl2ZXLRJidUcm9vdIABAAgAEQAaACMALQAyADcAQABGAE0AVQBgAGcAagBsAG4AcQBzAHUAdwCEAI4AwgDHAM8CZQJnAmwCdwKAAo4CkgKZAqICpwK0ArcCyQLMAtEAAAAAAAACAQAAAAAAAAAoAAAAAAAAAAAAAAAAAAAC0w==}}

@book{SuttonBarto1998,
	Author = {Sutton, Richard S. and Barto, Andrew G.},
	Date-Added = {2016-02-13 18:06:28 +0000},
	Date-Modified = {2016-02-13 18:06:28 +0000},
	Keywords = {Reinforcement Learning},
	Owner = {andrea},
	Publisher = {MIT Press, Cambridge, MA, USA},
	Title = {Reinforcement Learning: An Introduction},
	Year = {1998}}

@article{soltoggioHTP2014,
	Author = {Soltoggio, Andrea},
	Date-Added = {2016-02-13 18:05:26 +0000},
	Date-Modified = {2016-02-13 18:05:26 +0000},
	Doi = {10.1007/s00422-014-0628-0},
	Journal = {Biological Cybernetics},
	Keywords = {Plasticity},
	Local-Url = {soltoggio2014BiolCyb.pdf},
	Month = {September 2014},
	Number = {1},
	Pages = {75-94},
	Title = {Short-term plasticity as cause-effect hypothesis testing in distal reward learing},
	Volume = {109},
	Year = {2015},
	Bdsk-File-1 = {YnBsaXN0MDDUAQIDBAUGJCVYJHZlcnNpb25YJG9iamVjdHNZJGFyY2hpdmVyVCR0b3ASAAGGoKgHCBMUFRYaIVUkbnVsbNMJCgsMDxJXTlMua2V5c1pOUy5vYmplY3RzViRjbGFzc6INDoACgAOiEBGABIAFgAdccmVsYXRpdmVQYXRoWWFsaWFzRGF0YV8QNy4uLy4uLy4uL1NoYXJlZC93b3JrL1JlZi9maWxlZC9zb2x0b2dnaW8yMDE0QmlvbEN5Yi5wZGbSFwsYGVdOUy5kYXRhTxEBqgAAAAABqgACAAAKSmVldmVzIFNTRAAAAAAAAAAAAAAAAAAAAAAA0CajJkgrAAAAIASqGHNvbHRvZ2dpbzIwMTRCaW9sQ3liLnBkZgAAAAAAAAAAAAAAAAAAAAAAAAAAAAAAAAAAAAAAAAAAAAAAAAAAAABF2YrQN2bXUERGIENBUk8AAwAFAAAJIAAAAAAAAAAAAAAAAAAAAAVmaWxlZAAAEAAIAADQJpUWAAAAEQAIAADQN1jHAAAAAQAUACAEqgAgBIwAH/MBAB2TEQAUoW8AAgBESmVldmVzIFNTRDpVc2VyczoAU2hhcmVkOgB3b3JrOgBSZWY6AGZpbGVkOgBzb2x0b2dnaW8yMDE0QmlvbEN5Yi5wZGYADgAyABgAcwBvAGwAdABvAGcAZwBpAG8AMgAwADEANABCAGkAbwBsAEMAeQBiAC4AcABkAGYADwAWAAoASgBlAGUAdgBlAHMAIABTAFMARAASADRVc2Vycy9TaGFyZWQvd29yay9SZWYvZmlsZWQvc29sdG9nZ2lvMjAxNEJpb2xDeWIucGRmABMAAS8A//8AAIAG0hscHR5aJGNsYXNzbmFtZVgkY2xhc3Nlc11OU011dGFibGVEYXRhox0fIFZOU0RhdGFYTlNPYmplY3TSGxwiI1xOU0RpY3Rpb25hcnmiIiBfEA9OU0tleWVkQXJjaGl2ZXLRJidUcm9vdIABAAgAEQAaACMALQAyADcAQABGAE0AVQBgAGcAagBsAG4AcQBzAHUAdwCEAI4AyADNANUCgwKFAooClQKeAqwCsAK3AsACxQLSAtUC5wLqAu8AAAAAAAACAQAAAAAAAAAoAAAAAAAAAAAAAAAAAAAC8Q==},
	Bdsk-Url-1 = {http://dx.doi.org/10.1007/s00422-014-0628-0}}

@article{soltoggioSteilNeuralComputation2013,
	Author = {Soltoggio, Andrea and Steil, J. Jochen},
	Date-Added = {2016-02-13 17:49:25 +0000},
	Date-Modified = {2016-02-13 17:49:25 +0000},
	Journal = {Neural Computation},
	Number = {4},
	Pages = {940-978},
	Title = {Solving the {D}istal {R}eward {P}roblem with {R}are {C}orrelations},
	Volume = {25},
	Year = {2013},
	Bdsk-File-1 = {YnBsaXN0MDDUAQIDBAUGJCVYJHZlcnNpb25YJG9iamVjdHNZJGFyY2hpdmVyVCR0b3ASAAGGoKgHCBMUFRYaIVUkbnVsbNMJCgsMDxJXTlMua2V5c1pOUy5vYmplY3RzViRjbGFzc6INDoACgAOiEBGABIAFgAdccmVsYXRpdmVQYXRoWWFsaWFzRGF0YV8QRi4uLy4uLy4uL1NoYXJlZC93b3JrL1JlZi9maWxlZC9zb2x0b2dnaW9TdGVpbE5ldXJhbENvbXB1dGF0aW9uMjAxMi5wZGbSFwsYGVdOUy5kYXRhTxEB4AAAAAAB4AACAAAKSmVldmVzIFNTRAAAAAAAAAAAAAAAAAAAAAAA0CajJkgrAAAAIASqH3NvbHRvZ2dpb1N0ZWlsTmV1cmFsIzIwMDY5QS5wZGYAAAAAAAAAAAAAAAAAAAAAAAAAAAAAAAAAAAAAAAAAAAAgBprMquEbAAAAAAAAAAAAAwAFAAAJIAAAAAAAAAAAAAAAAAAAAAVmaWxlZAAAEAAIAADQJpUWAAAAEQAIAADMqtMLAAAAAQAUACAEqgAgBIwAH/MBAB2TEQAUoW8AAgBLSmVldmVzIFNTRDpVc2VyczoAU2hhcmVkOgB3b3JrOgBSZWY6AGZpbGVkOgBzb2x0b2dnaW9TdGVpbE5ldXJhbCMyMDA2OUEucGRmAAAOAFAAJwBzAG8AbAB0AG8AZwBnAGkAbwBTAHQAZQBpAGwATgBlAHUAcgBhAGwAQwBvAG0AcAB1AHQAYQB0AGkAbwBuADIAMAAxADIALgBwAGQAZgAPABYACgBKAGUAZQB2AGUAcwAgAFMAUwBEABIAQ1VzZXJzL1NoYXJlZC93b3JrL1JlZi9maWxlZC9zb2x0b2dnaW9TdGVpbE5ldXJhbENvbXB1dGF0aW9uMjAxMi5wZGYAABMAAS8A//8AAIAG0hscHR5aJGNsYXNzbmFtZVgkY2xhc3Nlc11OU011dGFibGVEYXRhox0fIFZOU0RhdGFYTlNPYmplY3TSGxwiI1xOU0RpY3Rpb25hcnmiIiBfEA9OU0tleWVkQXJjaGl2ZXLRJidUcm9vdIABAAgAEQAaACMALQAyADcAQABGAE0AVQBgAGcAagBsAG4AcQBzAHUAdwCEAI4A1wDcAOQCyALKAs8C2gLjAvEC9QL8AwUDCgMXAxoDLAMvAzQAAAAAAAACAQAAAAAAAAAoAAAAAAAAAAAAAAAAAAADNg==},
	Bdsk-Url-1 = {http://dx.doi.org/10.1162/NECO%5C_a%5C_00419}}
